@string{PLDI  =  "ACM SIGPLAN Conf. on Programming Languages Design and Implementation"}
@string{tcomputer = "{IEEE} Trans. on Computers"}

% Compilation related references
@book{KeAl02:CompilerDep,
 author = {K. Kennedy and J. R. Allen},
 title = "{Optimizing Compilers for Modern Architectures: a Dependence-Based Approach}",
 year = {2002},
 publisher = {Morgan Kaufmann Publishers Inc.},
}

@Book{AhSe86:Compiler,
  author = {A. Aho and R. Sethi and J. Ullman},
  title  =  "{Compilers: Principles and Techniques and Tools}",
  publisher = {Addison-Wesley},
  year = {1986}
}

@InProceedings{LaWi92:CFLimit,
  author = {M. S. Lam and R. P. Wilson},
  title = "{Limits of Control Flow on Parallelism}",
  booktitle = {Proceedings of 19th Annual International Symposium On Computer Architecture},
  pages = {46--57},
  month = may,
  year = {1992},
  location = {Gold Coast, Australia},
}

@Article{CyFe91:SSA,
  author = {R. Cytron and J. Ferrante and B. K. Rosen and M. N. Wegman and F. K. Zadeck},
  title = "{Efficiently Computing Static Single Assignment Form and the Control Dependence Graph}",
  journal = {ACM Trans. on Programming Languages and Systems},
  volume =  {13},
  number =  {4},
  pages =  {451--490},
  month =  oct,
  year =   {1991},
}

@Article{Ta74:Dominator,
author  = {R. E. Tarjan},
title   = "{Finding Dominators in Directed Graphs}",
journal = {SIAM Journal on Computing},
pages   = {62--89},
year    = {1974},
month   = mar,
volume  = {3},
number  = {1}
}

@Article{FeOt87:DepGraph,
author  = {J. Ferrante and K. J. Ottenstein and J. D. Warren},
title   = "{The Program Dependence Graph and Its Use in Optimization}",
journal = {ACM Trans. on Programming Languages and Systems},
pages   = {319--349},
year    = {1987},
month   = jul,
volume  = {9},
number  = {3}
}

@inproceedings{BeRo91:SuperScalarSched,
 author = {D. Bernstein and M. Rodeh},
 title = "{Global Instruction Scheduling for Superscalar Machines}",
 booktitle = pldi,
 month = jun,
 year = {1991},
 pages = {241--255},
 location = {Toronto, Ontario, Canada},
}

% Software pipelining

@Article{Ch81:SoftPipe,
author  = {A. E. Charlesworth},
title   = "{An Approach to Scientific Array Processing: The Architectural Design of the AP-120B/FPS-164 Family}",
journal = {Computer},
pages   = {18--27},
year    = {1981},
month   = sep,
volume  = {14},
number  = {9}
}

@article{La88:SoftPipe,
  author =  {M. S. Lam},
  title =  "{Software Pipelining: An Effective Scheduling Technique for VLIW Machines}",
  journal = PLDI,
  pages =    {318--328},
  month =    jun,
  year =     {1988},
}

@article{RaGl81:ModSched,
  title={Some Scheduling Techniques and an Easily Schedulable Horizontal Architecture for High Performance Scientific Computing},
  author={B. R. Rau and C. D. Glaeser},
  journal={ACM SIGMICRO Newsletter},
  volume={12},
  number={4},
  pages={183--198},
  year={1981},
  publisher={ACM}
}

@inproceedings{Ra94:IterModSched,
  AUTHOR = {B. R. Rau},
  TITLE = {Iterative Modulo Scheduling: an Algorithm for Software Pipelining Loops},
  booktitle = {Proc. Int'l Symp. on Microarchitecture},
  PAGES = {63--74},
  MONTH = nov,
  YEAR = {1994},
}

@inproceedings{EiDa95:StageSched,
  author = {A. E. Eichenberger and E. S. Davidson},
  title = {Stage Scheduling: a Technique to Reduce the Register Requirements of a Modulo Schedule},
  Booktitle = {Proc. Int'l Symp. on Microarchitecture},
  pages = {338--349},
  MONTH = nov,
  YEAR = {1995},
}

@article{HaZa04:SMS,
  title={Swing Modulo Scheduling for {GCC}},
  author={Hagog, Mostafa and Zaks, Ayal},
  journal={GCC Developers' Summit},
  pages={55--64},
  month=jun,
  year={2004}
}

@Comment {LlGo96:SwingModSched,
@Comment   AUTHOR = {J. Llosa and A. Gonz\'{a}lez and E. Ayguad\'{e} and M. Valero},
@Comment   TITLE = "{Swing Modulo Scheduling: A Lifetime-Sensitive Approach}",
@Comment   Booktitle = {Proceedings of the 5th Conference on Parallel Architectures and Compilation Techniques},
@Comment   PAGES = {80--86},
@Comment   MONTH = oct,
@Comment   YEAR = 1996,
@Comment   Location = {Boston, Massachusetts, USA}
@Comment }

@article{LlAy01:SMS,
  title={Lifetime-Sensitive Modulo Scheduling in a Production Environment},
  author={Llosa, Josep and Ayguad{\'e}, Eduard and Gonzalez, Antonio and Valero, Mateo and Eckhardt, Jason},
  journal= tcomputer,
  volume={50},
  number={3},
  month=mar,
  pages={234--249},
  year={2001},
  publisher={IEEE}
}

@article{Hu93:SlackModSched,
 author = {R. A. Huff},
 title = "{Lifetime-Sensitive Modulo Scheduling}",
 journal = pldi,
 month = jun,
 year = {1993},
 pages = {258--267},
 }

@article{CoLl02:CompareModScheds,
 author = {J. Codina and J. Llosa and A. Gonz\'{a}lez},
 title = "{A Comparative Study of Modulo Scheduling Techniques}",
 journal = {Int'l Conf. on Supercomputing},
 month = jun,
 year = {2002},
 pages = {97--106},
 location = {New York, New York, USA},
 }


% Dependence analysis
@inproceedings{GoKe91:DeltaTest,
  author = {G. Goff and Ken Kennedy and C-W. Tseng},
  title = "{Practical Dependence Testing}",
  booktitle = pldi,
  month = jun,
  pages = {15--29},
  year = {1991},
  location = {Toronto, Ontario, Canada},
}

@inproceedings{Pu91:OmegaTest,
  author = {W. Pugh},
  title = "{The Omega Test: A Fast and Practical Integer Programming Algorithm for Dependence Analysis}",
  booktitle = {Proceedings of the 1991 Conference on Supercomputing},
  pages = {4-13},
  month = nov,
  year = {1991},
  location = {Albuquerque, New Mexico, United States},
}

@inproceedings{BlEi94:RangeTest,
  author = {W. Blume and R. Eigenmann},
  title = "{The Range Test: A Dependence Test for Symbolic, Non-Linear Expressions}",
  booktitle = {Proceedings of the 1994 Conference on Supercomputing},
  month = nov,
  year = {1994},
  pages = {528--537},
  publisher = {IEEE Computer Society Press},
  location = {Washington, D.C., United States},
}
