@string{todaes = "ACM Trans. on Design Automation of Electronic Systems"}
@string{tcad = "{IEEE} Trans. on Computer-Aided Design of Integrated Circuits and Systems"}
@string{tvlsi = "{IEEE} Trans. on VLSI Systems"}
@string{tcomputer = "{IEEE} Trans. on Computers"}

@string{ASPDAC = "Proc. Asia and South Pacific Design Automation Conf."}
@string{ICCAD =  "Proc. Int'l Conf. on Computer-Aided Design"}
@string{DAC   =  "Proc. Design Automation Conf."}
@string{DATE  =  "Proc. Design, Automation \& Test in Europe"}
@string{FPGA  =  "Proc. Int'l Symp. on Field-Programmable Gate Arrays"}

@misc{cplex2005high,
  title="{{CPLEX}: High-performance software for mathematical programming and optimization}",
  author={ILOG},
  year={2005}
}

@article{proebsting1994detecting,
  title="{Detecting pipeline structural hazards quickly}",
  author={Proebsting, Todd A and Fraser, Christopher W},
  booktitle={Proceedings of the 21st ACM SIGPLAN-SIGACT symposium on Principles of programming languages},
  pages={280--286},
  year={1994},
  organization={ACM}
}

@article{rong2007single,
  title="{Single-dimension software pipelining for multidimensional loops}",
  author={Rong, Hongbo and Tang, Zhizhong and Govindarajan, Ramaswamy and Douillet, Alban and Gao, Guang R},
  journal={ACM Transactions on Architecture and Code Optimization (TACO)},
  volume={4},
  number={1},
  pages={7},
  year={2007},
  publisher={ACM}
}

@article{muthukumar2001software,
  title="{Software pipelining of nested loops}",
  author={Muthukumar, Kalyan and Doshi, Gautam},
  booktitle={Compiler Construction},
  pages={165--181},
  year={2001},
  organization={Springer}
}

@article{morvan2013polyhedral,
  title="{Polyhedral Bubble Insertion: a Method to Improve Nested Loop Pipelining for High-Level Synthesis}",
  author={Morvan, Antoine and Derrien, Steven and Quinton, Patrice},
  journal=TCAD,
  volume={32},
  number={3},
  pages={339--352},
  year={2013},
  publisher={IEEE}
}

@article{govindarajan1994minimizing,
  title="{Minimizing Register Requirements Under Resource-Constrained Rate-Optimal Software Pipelining}",
  author={Govindarajan, Ramaswamy and Altman, Erik R and Gao, Guang R},
  booktitle={Proceedings of the 27th annual international symposium on Microarchitecture},
  pages={85--94},
  year={1994},
  organization={ACM}
}

@article{zhang2013sdcbased,
  title="{{SDC}-Based Modulo Scheduling for Pipeline Synthesis}",
  author={Zhang, Zhiru and Liu, Bin},
  booktitle=ICCAD,
  pages={211--218},
  year={2013},
}


@article{altman1995scheduling,
  title="{Scheduling and mapping: Software pipelining in the presence of structural hazards}",
  author={Altman, Erik R and Govindarajan, Ramaswamy and Gao, Guang R},
  booktitle={Proc. ACM SIGPLAN Conf. on Programming Language Design and Implementation},
  volume={30},
  number={6},
  pages={139--150},
  year={1995},
  organization={ACM}
}

@book{fingeroff2010high,
  title="{High-Level Synthesis Blue Book}",
  author={Fingeroff, Michael},
  year={2010},
  publisher={Xlibris Corporation}
}

@Book{Mi94:SynOpt,
   author = {G. {De Micheli}},
   title = "{Synthesis and Optimization of Digital Circuits}",
   publisher = {McGraw-Hill},
   year =   {1994}
}

@Book{GaDu92:HLS,
  author = {D. D. Gajski and N. D. Dutt and A. C-H. Wu and S. Y-L. Lin},
  title ="{High-Level Synthesis: Introduction to Chip and System Design}",
  publisher = {Kluwer Academic},
  year = {1992},
}

@book{CoMo08:HLSAlgo,
  title="{High-Level Synthesis: from Algorithm to Digital Circuit}",
  editor={P. Coussy and A. Morawiec},
  year={2008},
  publisher={Springer}
}

@article{MaSm09:HLS,
  title="{High-Level Synthesis: Past, Present, and Future}",
  author={G. Martin and G. Smith},
  journal={Design \& Test of Computers, IEEE},
  volume={26},
  number={4},
  pages={18--25},
  year={2009},
}

@Article{FaPa90:HLSIntro,
  author =  {M. C. McFarland and A. C. Parker and R. Camposano},
  title =  "{The High-Level Synthesis of Digital Systems}",
  journal = {Proc. of the IEEE},
  year =  {1990},
  month =  feb,
  volume = {78},
  number = {2},
  pages =  {301--318},
}

@phdthesis{Ba73:FirstSched,
 author = {M. R. Barbacci},
 title = "{Automated Exploration of The Design Space for Register-Transfer (RT) Systems}",
 school = {Department of Computer Science, Carnegie-Mellon University},
 month = nov,
 year = {1973},
}

@Article{Gr69:MPbounds,
  author =  {R. Graham},
  title =   "{Bounds on Multiprocessing Timing Anomalies}",
  journal = {SIAM Journal of Applied Mathematics},
  volume =  {17},
  number =  {2},
  pages =   {416--429},
  year =    {1969},
}

@Article{AdCh74:ListSched,
    author = {T. L. Adam and K. M. Chandy and J. R. Dickson},
    title =  "{A Comparison of List Schedules for Parallel Processing Systems}",
    journal = {Communications of the ACM},
    volume = {17},
    number = {12},
    month = dec,
    year =  {1974},
    pages = {685--690},
}

@Article{DaLa81:uCodeCompact,
author =  {S. Davidson and D. Landskov and B. Shriver and P. W. Mallett},
title  = "{Some Experiments in Local Microcode Compaction for Horizontal Machines}",
journal = tcomputer,
vol     = {30},
number  = {7},
month   = jul,
year    = {1981},
pages   = {460--477},
}

@Article{HwLe91:ILP,
  author = {C.-T. Hwang and T.-H. Lee and Y.-C. Hsu},
  title = "{A Formal Approach to the Scheduling Problem in High Level Synthesis}",
  journal = tcad,
  volume = {10},
  number = {4},
  month = apr,
  pages = {464--475},
  year = {1991}
}

@Article{GeEl93:ILP,
  author = {C. H. Gebotys and M. I. Elmasry},
  title = "{Global Optimization Approach for Architectural Synthesis}",
  journal = tcad,
  volume = {12},
  number = {9},
  pages = {1266-1278},
  year = {1993}
}

@article{PaPi86:MAHA,
  author = {A. C. Parker and J. T. Pizarro and M. Mlinar},
  title = "{MAHA: A Program for Datapath Synthesis}",
  booktitle = dac,
  month = jun,
  year = {1986},
  pages = {461--466},
  location = {Las Vegas, NV, USA},
}

@article{PaPa86:Sehwa,
  author = {N. Park and A. Parker},
  title = "{Sehwa: a program for synthesis of pipelines}",
  booktitle = dac,
  month = jun,
  year = {1986},
  pages = {595--601},
  location = {Las Vegas, NV, USA},
}

@PhdThesis{Gi84:Elf,
  author =  {E. F. Girczyc},
  title =   "{Automatic Generation of Microsequenced Data Path to Realize ADA Circuit Description}",
  school =  {Dept. of Electron., Carleton University},
  month =   jul,
  year =    {1984},
}

@Article{PaPa88:Sehwa,
  author = {N. Park and A. C. Parker},
  title = "{Sehwa: A Software Package for Synthesis of Pipelines from Behavioral Specifications}",
  journal = tcad,
  volume  = {7},
  number = {3},
  pages = {356--370},
  month = mar,
  year = {1988},
}

@Article{PaGa87:SLICER,
  author = {B. M. Pangrle and D. D. Gajski},
  title = "{Design Tools for Intelligent Silicon Compilation}",
  journal = tcad,
  volume  = {6},
  number = {6},
  pages = {1098--1112},
  month = nov,
  year = {1987},
}

@article{PoRa89:HyperLS,
  author = {M. Potkonjak and J. Rabaey},
  title  = "{A Scheduling and Resource Allocation Algorithm for Hierarchical Signal Flow Graphs}",
  booktitle = dac,
  pages = {7--12},
  month = jun,
  year = {1989},
  location = {Las Vegas, NV, USA},
}


@article{JaMu91:StaticLS,
  author = {R. Jain and A. Mujumdar and A. Sharma and H. Wang},
  title = "{Empirical Evaluation of Some High-Level Synthesis Scheduling Heuristics}",
  booktitle = dac,
  month = jun,
  year = {1991},
  pages = {686--689},
  location = {San Francisco, CA, USA},
}

@Article{RiFa95:RECALS,
author = {M. Rim and Y. Fann and R. Jain},
title = "{Global Scheduling with Code-Motions for High-Level Synthesis Applications}",
journal = tvlsi,
year =    {1995},
OPTkey =  {},
volume =  {3},
number =  {3},
pages =   {379--392},
month =   sep,
OPTnote =   {},
OPTannote = {}
}

@article{PaKn89:FDS,
 author=  {P. G. Paulin and J. P. Knight},
 title  = "{Force-Directed Scheduling for the Behavioral Synthesis of ASICs}",
 journal= tcad,
 volume = {8},
 number = {6},
 pages  = {661--678},
 month  = jun,
 year   = {1989},
}

@article{PaKn86:HAL,
  author = {P. G. Paulin and J. P. Knight and E. F. Girczyc},
  title = "{HAL: A Multi-Paradigm Approach to Automatic Data Path Synthesis}",
  booktitle = dac,
  month = jun,
  year = {1986},
  pages = {263--270},
  location = {Las Vegas, NV, USA},
}

@PhdThesis{St91:Esc,
  author =  {L. Stok},
  title =  "{Architectural Synthesis and Optimization of Digital Systems}",
  school =  {Eindhoven University of Technology},
  year =    {1991},
}

@InProceedings{LiVa91:Phideo,
  author = {P. Lippens and J. Van Meerbergen and A. van der Werf and W. Verhaegh and B. McSweeney and J. Huisken and O. McArdle},
  title  = "{Phideo: A Silicon Compiler for High Speed Algorithms}",
  booktitle = {Proceedings of European Design Automation Conference},
  pages = {436--441},
  month = feb,
  year = {1991},
  location = {Amsterdam, The Netherlands},
}

@article{WaTa89:CVLS,
 author = {K. Wakabayashi and H. Tanaka},
 title = "{A Resource Sharing and Control Synthesis Method for Conditional Branches}",
 booktitle = iccad,
 month = nov,
 year = {1989},
 pages = {62--65},
 location = {San Jose, CA, USA},
}

@article{WaTa92:CVLSv2,
 author = {K. Wakabayashi and H. Tanaka},
 title = "{Global Scheduling Independent of Control Dependencies Based on Condition Vectors}",
 booktitle = dac,
 month = jun,
 year = {1992},
 pages = {112--115},
 location = {Anaheim, CA, USA},
}

@Article{Ca91:PBS,
  author = {R. Camposano},
  journal = tcad,
  title  = "{Path-Based Scheduling for Synthesis}",
  volume =  {10},
  number =  {1},
  pages = {85--93},
  month = jan,
  year = {1991}
}

@InProceedings{HuJe93:TBS,
  author = {S.H. Huang and Y.L. Jeang and C.T. Hwang and Y.C. Hsu and J.F. Wang},
  title =  "{A Tree-Based Scheduling Algorithm for Control-Dominated Circuits}",
  booktitle = dac,
  pages = {578--582},
  month = jun,
  year =  {1993},
}

@article{BhDe94:LDS,
 author = {S. Bhattacharya and S. Dey and F. Brglez},
 title = "{Performance Analysis and Optimization of Schedules for Conditional
 and Loop-Intensive Specifications}",
 booktitle = dac,
 pages = {491-496},
 month = jun,
 year = {1994},
}

@Article{BeRa97:ADAPT,
 author = {R. A. Bergamaschi and S. Raje and L. Trevillyan},
 title = "{Control-Flow Versus Data-Flow-Based Scheduling: Combining Both
Approaches in an Adaptive Scheduling System}",
 journal = tvlsi,
 volume =  {5},
 number =  {1},
 pages  = {82--100},
 month = mar,
 year = {1997}
 }

@Article{MuWe97:VOTAN,
 author = {M. M\"{u}nch and N. Wehn and M. Glesner},
 title = "{An Efficient ILP-Based Scheduling Algorithm for Control-Dominated VHDL Descriptions}",
 journal = todaes,
 volume =  {2},
 number =  {4},
 pages = {344--364},
 month = oct,
 year = {1997}
 }

@article{LaRa99:WaveSched,
 author = {G. Lakshminarayana and A. Raghunathan and N. K. Jha},
 title = "{Wavesched: A Novel Scheduling Technique for Control-Flow Intensive Designs}",
 journal = tcad,
 volume = {18},
 number = {5},
 pages = {505--523},
 month = {May},
 year  = {1999}
}

@article{RaBr96:SymbSched,
 author  = {I. Radivojevi\'{c} and F. Brewer},
 title   = "{A New Symbolic Technique for Control-Dependent Scheduling}",
 journal = tcad,
 volume = {15},
 number = {1},
 year   = {1996},
 pages  = {45--57},
 month  = jan,
}

@PhdThesis{Ha00:AutomataSched,
  author =   {S. Haynal},
  title  =   "{Automata-Based Symbolic Scheduling}",
  school =   {University of California, Santa Barbara},
  month  =   dec,
  year =     {2000}
}

@InProceedings{ViBr05:WeightedSched,
author = {A. Vijayakumar and F. Brewer},
title = "{Weighted Control Scheduling}",
pages = {777--783},
booktitle = iccad,
month = nov,
year = {2005},
location = {San Jose, CA, USA},
}

@article{CaKo05:BMCSched,
 author  = {G. Cabodi and A. Kondratyev and L. Lavagno and S. Nocco and S. Quer and Y. Watanabe},
 title   = "{A BMC-based Formulation for the Scheduling Problem of Hardware Systems}",
 journal = {International Journal on Software Tools for Technology Transfer},
 volume = {7},
 number = {2},
 pages  = {102--117},
 month  = apr,
 year   = {2005},
}

@article{LaRa00:SpecSched,
  author = {G. Lakshminarayana and A. Raghunathan and N. K. Jha},
  title  = "{Incorporating Speculative Execution into Scheduling of Control-Flow-Intensive Designs}",
  journal = tcad,
  volume = {19},
  number = {3},
  month = mar,
  pages = {308--324},
  year = {2000},
}

@article{SuNi04:Spark,
  author = {S. Gupta and N. Savoiu and N. Dutt and R. Gupta and A. Nicolau},
  title =  "{Using Global Code Motions to Improve the Quality of Results for
  High-Level Synthesis}",
  journal = tcad,
  volume = {23},
  number = {2},
  pages = {302--311},
  month = feb,
  year = {2004},
}

@misc{Spark:Website,
 key = {Spark},
 author = "{SPARK Website}",
 howpublished = {\url{http://mesl.ucsd.edu/spark}},
}

@article{KuMi92:RelSched,
 author = {David C. Ku and G. {De Micheli}},
 title =  "{Relative Scheduling Under Timing Constraints: Algorithms for High-Level Synthesis of Digital Circuits}",
 journal = tcad,
 volume = {11},
 number = {6},
 pages = {696--718},
 month = jun,
 year = {1992},
}

@article{KnLy95:SynsBC,
 author = {D. Knapp and T. Ly and D. MacMillen and R. Miller},
 title = "{Behavioral Synthesis Methodology for HDL-Based Specification and Validation}",
 booktitle = dac,
 pages = {286--291},
 month = jun,
 year = {1995},
 location = {San Francisco, CA, United States},
}

@article{LyKn95:SynsTmplSched,
 author = {T. Ly and D. Knapp and R. Miller and D. MacMillen},
 title = "{Scheduling using Behavioral Templates}",
 booktitle = dac,
 pages = {101--106},
 month = jun,
 year = {1995},
}

@article{MeKa05:SuperSched,
 author = {S. O. Memik and R. Kastner and E. Bozorgzadeh and M. Sarrafzadeh},
 title = "{A Scheduling Algorithm for Optimization and Early Planning in High-Level Synthesis}",
 journal = todaes,
 volume = {10},
 number = {1},
 month = jan,
 year = {2005},
 pages = {33--57},
 }

@article{Ku03:ConstraintSched,
 author = {Krzysztof Kuchcinski},
 title = "{Constraints-Driven Scheduling and Resource Assignment}",
 journal = todaes,
 volume = {8},
 number = {3},
 pages  = {355--383},
 month  = jan,
 year   = {2003},
}

@ARTICLE{Pa91:ConnBinding,
  author = {B. M. Pangrle},
  title = "{On the Complexity of Connectivity Binding}",
  journal = tcad,
  year = {1991},
  volume = {10},
  number = {11},
  pages = {1460--1465},
  month = nov,
}

@article{Gi87:LoopWind,
    author = {E. Girczyc},
    title = "{Loop Winding -- a Data Flow Approach to Functional Pipelining}",
    journal = {Int'l Symp. Circuits and Systems},
    pages = {382--385},
    month = {May},
    year = {1987}
}

@article{ChLa93:RotSched,
  author    = {L.-F. Chao and A. S. LaPaugh and E. H.-M. Sha},
  title     = "{Rotation Scheduling: a Loop Pipelining Algorithm}",
  journal = DAC,
  month     = jun,
  year      = {1993},
  pages     = {566--572},
}

@article{GoVa89:LoopFold,
 author = {G. Goossens and J. Vandewlle and H. {De Man}},
 title = "{Loop Optimization in Register-Transfer Scheduling for DSP-Systems}",
 booktitle = dac,
 month = jun,
 year = {1989},
 pages = {826--831},
 location = {Las Vegas, Nevada, United States},
 }

@article{SaCo95:LoopPipe,
 author = {F. S\'{a}nchez and J. Cortadella},
 title = "{Time-Constrained Loop Pipelining}",
 booktitle = iccad,
 month = nov,
 year = {1995},
 pages = {592--596},
 location = {San Jose, California, United States},
}

@article{PoLi90:Percolation,
 author = {R. Potasman and J. Lis and A. Nicolau and D. Gajski},
 title = "{Percolation Based Synthesis}",
 booktitle = dac,
 month = jun,
 year = {1990},
 pages = {444--449},
 location = {Orlando, Florida, United States},
}

@article{LeWu92:FunctionPipe,
author = {T.-F. Lee and A.C.-H. Wu and D. Gajski and Y.-L. Lin},
title = "{An Effective Methodology for Functional Pipelining}",
booktitle = iccad,
month = nov,
year = {1992},
pages = {230-233},
location = {Santa Clara, CA, USA},
}

@article{HoEr95:MBPLoopPipe,
author = {U. Holtmann and R. Ernst},
title = "{Combining MBP-Speculative Computation and Loop Pipelining in High-Level Synthesis}",
booktitle = {Proceedings of European Design and Test Conference},
pages = {550--556},
month = mar,
year = {1995},
location = {Paris, France},
}

@article{GuDu04:LoopShift,
 author = {S. Gupta and N. Dutt and R. Gupta and A. Nicolau},
 title = "{Loop Shifting and Compaction for the High-Level Synthesis of Designs with Complex Control Flow}",
 booktitle = date,
 month = {Feburary},
 year = {2004},
 pages = {114--119},
 location = {Paris, France},
}

@article{FaKu05:LowCostModSched,
  author = {K. Fan and M. Kudlur and H. Park and S. Mahlke},
  title = "{Cost Sensitive Modulo Scheduling in a Loop Accelerator Synthesis System}",
  journal = {Int'l Symp. on Microarchitecture},
  year = {2005},
  pages = {219--232},
  month = nov
}
%  month = nov,

@article{ScAd02:PICO,
  title="{{PICO-NPA}: High-level Synthesis of Nonprogrammable Hardware Accelerators}",
  author={R. Schreiber and S. Aditya and S. Mahlke and V. Kathail and B.R. Rau and D. Cronquist and M. Sivaraman},
  journal={Journal of VLSI Signal Processing},
  volume={31},
  number={2},
  pages={127--142},
  year={2002},
 }

@article{FaKu08:SMTSched,
  title="{Modulo Scheduling for Highly Customized Datapaths to Increase Hardware Reusability}",
  author={K. Fan and H. Park and M. Kudlur and S. Mahlke},
  journal={Int'l Symp. Code Generation and Optimization},
  pages={124--133},
  month=apr,
  year={2008},
}

@article{BeMe10:C2Verilog,
  title="{Reducing Memory Constraints in Modulo Scheduling Synthesis for {FPGA}s}",
  author={Y. Ben-Asher and D. Meisler and N. Rotem},
  journal={ACM Trans. on Reconfigurable Technology and Systems},
  volume={3},
  number={3},
  year={2010},
}

@article{KoLa11:C2SPipe,
  title="{Realistic Performance-Constrained Pipelining in High-level Synthesis}",
  author={Kondratyev, Alex and Lavagno, Luciano and Meyer, Mike and Watanabe, Yosinori},
  journal=DATE,
  pages={1--6},
  month=mar,
  year={2011},
}

@article{SuWi06:ModSchedFPGA,
  author = {W. Sun and M. J. Wirthlin and S. Neuendorffer},
  title = "{Combining Module Selection and Resource Sharing for Efficient {FPGA} Pipeline Synthesis}",
  booktitle = fpga,
  pages = {179--188},
  month = {Feburary},
  year = {2006},
 }

% System-level references
@ARTICLE{BaWa03:Metropolis,
  author = {F. Balarin and Y. Watanabe and H. Hsieh and L. Lavagno and C. Paserone and A. L. Sangiovanni-Vincentelli},
  title = "{{Metropolis}: an Integrated Electronic System Design Environment}",
  journal = {IEEE },
  month = apr,
  year = {2003},
  volume = {36},
  pages = {45--52},
  number = {4},
}

% Benchmarks related references

@Book{RaYi90:DCT,
   author = {K. R. Rao and P. Yip},
   title =  "{Discrete Cosine Transform}",
   publisher = {Academic Press},
   year =   {1990}
}

@article{PoKi97:DCTs,
 author = {M. Potkonjak and K. Kim and R. Karri},
 title = "{Methodology for Behavioral Synthesis-Based Algorithm-Level Design Space Exploration: DCT Case Study}",
 booktitle = dac,
 month = jun,
 year = {1997},
 pages = {252--257},
 location = {Anaheim, California, United States},
}

@article{LeMi97:MediaBench,
   author = {C. Lee and M. Potkonjak and W. H. Mangione-Smith},
   title = "{MediaBench: A Tool for Evaluating and Synthesizing Multimedia and Communicatons Systems}",
   booktitle = {Proceedings of International Symposium on Microarchitecture},
   pages = {330--335},
   month = dec,
   year = {1997},
}

@book{TaMa01:JPEG2000,
 author = {D. S. Taubman and M. W. Marcellin},
 title = "{JPEG 2000: Image Compression Fundamentals, Standards and Practice}",
 year = {2001},
 publisher = {Kluwer Academic Publishers},
 }

@misc{GIMP:Website,
  key = {GIMP},
  author = "{GNU Image Manipulation Program}",
  howpublished = {\url{http://www.gimp.org}},
}

@article{ScDe05:MPEG4,
   author = {P. Schumacher and K. Denolf and A. Chirila-Rus and R. Turney and N. Fedele and K. Vissers and J. Bormans},
   title = "{A Scalable, Multi-Stream MPEG-4 Video Decoder for Conferencing and Surveillance Applications}",
   booktitle = {Proceedings of International Conference on Image Processing},
   pages = {11--14},
   month = sep,
   year = {2005},
}

% Theories

@BOOK{CoLe01:IntroAlg,
  author = {Thomas H. Cormen and Charles E. Leiserson and Ronald L. Rivest and Clifford Stein},
  title  = "{Introduction to Algorithms, Second Edition}",
  publisher = {MIT Press/McGraw-Hill},
  year = {2001}
}

@Book{PaSt82:CombOpt,
  author   = {C. H. Papadimitriou and K. Steiglitz},
  title    = "{Combinatorial Optimization: Algorithms and Complexity}",
  year     = {1982},
  publisher  = {Prentice Hall},
 }

@Book{GaJo79:NPC,
  author   = {M. Garey and D. Johnson},
  title    = "{Computers and Intractability: A Guide to the Theory of NP-Completeness}",
  year     = {1979},
  publisher  = {W. H. Freeman},
 }

@Book{Wo98:ILP,
  author = {Laurence A. Wolsey},
  title = "{Integer Programming}",
  publisher = {Wiley-Interscience},
  year = {1998}
}

@Techreport{Pr77:ConxGraph,
  author =  {V.R. Pratt},
  title =  "{Two Easy Theories Whose Combination is Hard}",
  institution = {MIT},
  year =    {1977},
}
%  month =   sep,

@article{EdKa1972:Scaling,
  title="{Theoretical Improvements in Algorithmic Efficiency for Network Flow Problems}",
  author={Edmonds, Jack and Karp, Richard M},
  journal={Journal of the ACM},
  volume={19},
  number={2},
  pages={248--264},
  year={1972},
  publisher={ACM}
}

@Article{RaSo99:IncrSdc,
  author =      {G. Ramalingam and J. Song and L. Joskowicz and R. E. Miller},
  title =      "{Solving Systems of Difference Constraints Incrementally}",
  journal =     {Algorithmica},
  year =        {1999},
  volume =      {23},
  pages =       {261--275},
}

@Article{CoLi11:autoesl,
  author = {J. Cong and B. Liu and S. Neuendorffer and J. Noguera and K. Vissers and Z. Zhang},
  title = "{High-Level Synthesis for {FPGAs}: From Prototyping to Deployment}",
  journal = tcad,
  year = {2011},
  volume = {30},
  pages = {473--491},
  number = {4},
  month = apr,
}


@INPROCEEDINGS{ChCo03:LOPASS,
  author = {D. Chen and J. Cong and Y. Fan},
  title = "{Low-Power High-Level Synthesis for {FPGA} Architectures}",
  booktitle = {Proceedings of International Symposium on Low Power Electronics and Design},
  pages = {134--139},
  month = aug,
  year = {2003},
}

@INPROCEEDINGS{ChCo05:xPilot,
  AUTHOR =       {D. Chen and J. Cong and Y. Fan and G. Han and W. Jiang and Z. Zhang},
  TITLE =        "{xPilot: A Platform-Based Behavioral Synthesis System}",
  BOOKTITLE =    {Proceedings of SRC Techcon Conference},
  YEAR =         {2005},
  month =        oct,
}

@INPROCEEDINGS{CoZh06:sdc,
  author = {Jason Cong and Zhiru Zhang},
  title = "{An Efficient and Versatile Scheduling Algorithm Based on {SDC} Formulation}", 
  booktitle = DAC,
  year = {2006},
  month = jul,
  pages = {433--438}
}       

@article{JiZh08:budget,
  title="{Scheduling with Integer Time Budgeting for Low-Power Optimization}",
  author={Jiang, Wei and Zhang, Zhiru and Potkonjak, Miodrag and Cong, Jason},
  booktitle=ASPDAC,
  pages={22--27},
  year={2008},
  month = jan
}


@article{LaAd04:LLVM,
 author = {Lattner, Chris and Adve, Vikram},
 title = "{{LLVM}: a Compilation Framework for Lifelong Program Analysis \& Transformation}",
 booktitle = {Proc. Int'l Symp. Code Generation and Optimization},
 year = {2004},
 pages = {75--86},
} 

@misc{LLVM:Website,
  key = {LLVM},
  author = "{The LLVM Compiler Infrastructure}",
  howpublished = {\url{http://llvm.org}},
}

@misc{Mentor:Website,
 key = {Mentor Graphics},
 author = "{Mentor Graphics Website}",
 howpublished = {\url{http://www.mentor.com}},
}

@misc{Xilinx:Website,
 key = {Xilinx},
 author = "{Xilinx Website}",
 howpublished = {\url{http://www.xilinx.com}},
}

@misc{Altera:Website,
 key = {Altera},
 author = "{Altera Website}",
 howpublished = {\url{http://www.altera.com}},
}

@misc{Synopsys:Website,
 key = {Synopsys},
 author = "{Synopsys Website}",
 howpublished = {\url{http://www.synopsys.com}},
}

%%%% Added cites for ICCAD'13 %%%%
@article{gh62:TUM,
  title="{Caract{\'e}risation des Matrices Totalement Unimodulaires}",
  author={Ghouila-Houri, Alain},
  journal={CR Acad. Sci. Paris},
  volume={254},
  pages={1192--1194},
  year={1962}
}

%%%% Added cites for DAC2014 by Minxing Tan %%%%
@article{fan2005cost,
  title="{Cost Sensitive Modulo Scheduling in a Loop Accelerator Synthesis System}",
  author={Fan, Kevin and Kudlur, Manjunath and Park, Hyunchul and Mahlke, Scott},
  booktitle={Proc. Int'l Symp. on Microarchitecture},
  pages={12--23},
  year={2005},
}

@article{ben2010reducing,
  title="{Reducing Memory Constraints in Modulo Scheduling Synthesis for FPGAs}",
  author={Ben-Asher, Yosi and Meisler, Danny and Rotem, Nadav},
  journal={ACM Trans. Reconfigurable Technology and Systems},
  volume={3},
  number={3},
  pages={15},
  year={2010},
}

@article{canis2011legup,
  title="{{LegUp}: High-Level Synthesis for {FPGA}-Based Processor/Accelerator Systems}",
  author={Canis, Andrew and Choi, Jongsok and Aldham, Mark and Zhang, Victor and Kammoona, Ahmed and Anderson, Jason H and Brown, Stephen and Czajkowski, Tomasz},
  booktitle=FPGA,
  pages={33--36},
  year={2011},
}

@article{feist2012vivado,
  title="{Vivado Design Suite}",
  author={Feist, Tom},
  journal={White Paper},
  year={2012}
}

@article{wakabayashi2004c,
  title="{C-Based Behavioral Synthesis and Verification Analysis on Industrial Design Examples}",
  author={Wakabayashi, Kazutoshi},
  booktitle={Proceedings of the 2004 Asia and South Pacific Design Automation Conference},
  pages={344--348},
  year={2004},
  organization={IEEE Press}
}

@article{cong2009soft,
  title="{Scheduling with Soft Constraints}",
  author={Cong, Jason and Liu, Bin and Zhang, Zhiru},
  booktitle={Proceedings of the 2009 International Conference on Computer-Aided Design},
  pages={47--54},
  year={2009},
  organization={ACM}
}

@article{canis2014modulo,
  title="{Modulo SDC Scheduling with Recurrence Minimization in High-Level Synthesis}",
  author={Canis, Andrew and Brown, S and Anderson, J},
  booktitle={Int’l Conf. on FPL},
  year={2014}
}

@article{zhang2012challenges,
  title="{Challenges and Opportunities of {ESL} Design Automation}",
  author={Z. Zhang and D. Chen},
  journal={Int’l Conf. on Solid-State and Integrated Circuit Technology (ICSICT)},
  year={2012}
}

@book{coussy2010high,
  title={High-Level Synthesis},
  author={Coussy, Philippe and Morawiec, Adam},
  year={2010},
  publisher={Springer}
}