@string{JAN = {Jan}}
@string{FEB = {Feb}}
@string{MAR = {Mar}}
@string{APR = {Apr}}
@string{MAY = {May}}
@string{JUN = {Jun}}
@string{JUL = {Jul}}
@string{AUG = {Aug}}
@string{SEP = {Sep}}
@string{OCT = {Oct}}
@string{NOV = {Nov}}
@string{DEC = {Dec}}

@string{JAN/FEB = {Jan/Feb}}
@string{FEB/MAR = {Feb/Mar}}
@string{MAR/APR = {Mar/Apr}}
@string{APR/MAY = {Apr/May}}
@string{MAY/JUN = {May/Jun}}
@string{JUN/JUL = {Jun/Jul}}
@string{JUL/AUG = {Jul/Aug}}
@string{AUG/SEP = {Aug/Sep}}
@string{SEP/OCT = {Sep/Oct}}
@string{OCT/NOV = {Oct/Nov}}
@string{NOV/DEC = {Nov/Dec}}
@string{DEC/JAN = {Dec/Jan}}

% Architecture

@string{CAL      = {Computer Architecture Letters (CAL)}}
@string{IEEEMICRO = {IEEE Micro}}
@string{COMPUTER = {IEEE Computer}}
@string{IJRD     = {IBM Journal of Research and Development}}
@string{JETC     = {ACM Journal on Emerging Technologies in Computing
                     Systems (JETC)}}
@string{JPDC     = {Journal of Parallel and Distributed Computing}}

@string{ISCA     = {Int'l Symp. on Computer Architecture (ISCA)}}
@string{MICRO    = {Int'l Symp. on Microarchitecture (MICRO)}}
@string{HPCA     = {Int'l Symp. on High-Performance Computer
                     Architecture (HPCA)}}
@string{ASPLOS   = {Int'l Conf. on Architectural Support for Programming
                     Languages and Operating Systems (ASPLOS)}}
@string{SC       = {Int'l Conf. on High Performance Networking
                     and Computing (Supercomputing)}}
@string{ICS      = {Int'l Symp. on Supercomputing (ICS)}}
@string{PACT     = {Int'l Conf. on Parallel Architectures and
                     Compilation Techniques (PACT)}}
@string{HOTI     = {Symp. on High-Performance Interconnects
                     (Hot Interconnects)}}
@string{NOCS     = {Int'l Symp. on Networks-on-Chip (NOCS)}}
@string{ANCS     = {Symp. on Architectures for Networking
                     and Communications Systems (ANCS)}}
@string{ICPP     = {Int'l Conf. on Parallel Processing (ICPP)}}
@string{IPDPS    = {Int'l Parallel and Distributed Processing
                     Symp. (IPDPS)}}
@string{ISPASS   = {Int'l Symp. on Performance Analysis of Systems and
                     Software (ISPASS)}}
@string{SPAA     = {Symp. on Parallel Algorithms and Architectures
                     (SPAA)}}
@string{HIPC     = {Int'l Conf. on High-Performance Computing (HIPC)}}
@string{IISWC    = {Int'l Symp. on Workload Characterization (IISWC)}}

@string{HPEC     = {Workshop on High-Performance Embedded Computing}}

@string{HPCS     = {Int'l Conf. on High Performance Computing and Simulation (HPCS)}}

% VLSI
@string{TVLSI    = {IEEE Trans. on Very Large-Scale Integration
                     Systems (TVLSI)}}

% Embedded
@string{TECS     = {ACM Transactions in Embedded Computing Systems (TECS)}}

% Others
@string{TC       = {IEEE Trans. on Computers (TC)}}

% Compilers
@string{TACO     = {ACM Trans. on Architecture and Code
                     Optimization (TACO)}}

@string{CGO      = {Int'l Symp. on Code Generation and Optimization
                     (CGO)}}

@string{PLDI      = {ACM SIGPLAN Conf. on Programming Language Design and Implementation (PLDI)}}

@string{PPoPP     = {ACM SIGPLAN Conf. on Principles and Practice of Parallel Programming (PPoPP)}}

@string{CASES     = {Intl'l Conf. on Compilers, Architectures and Synthesis of
                     Embedded Systems (CASES)}}
@string{OOPSLA    = {Intl'l Conf. on Object-Oriented Programming, Systems,
		      Languages, and Applications}}

% CAD
@string{TCAD     = {IEEE Trans. on Computer-Aided Design of
                    Integrated Circuits and Systems (TCAD)}}
@string{DT       = {IEEE Design and Test of Computers}}
@string{TODAES   = {ACM Trans. on Design Automation
                     of Electronic Systems (TODAES)}}


@string{ASPDAC   = {Asia and South Pacific Design Automation Conf. (ASP-DAC)}}
@string{CODESISSS = {Intl'l Conf. on Hardware/Software Codesign and System
                     Synthesis (CODES+ISSS)}}
@string{DAC      = {Design Automation Conf. (DAC)}}
@string{DATE     = {Design, Automation, and Test in Europe (DATE)}}
@string{ESLSYN   = {Electronic System Level Synthesis Conf. (ESLsyn)}}
@string{ICCAD    = {Int'l Conf. on Computer-Aided Design (ICCAD)}}
@string{ICCD     = {Int'l Conf. on Computer Design (ICCD)}}
@string{ISLPED   = {Int'l Symp. on Low Power Electronics and Design (ISLPED)}}
@string{ISPD     = {Int'l Symp. on Physical design (ISPD)}}

% FPGA
@string{FCCM     = {IEEE Symp. on Field Programmable Custom Computing Machines (FCCM)}}
@string{FPGA     = {Int'l Symp. on Field-Programmable Gate Arrays (FPGA)}}
@string{FPL      = {Int'l Conf. on Field Programmable Logic and Applications (FPL)}}
@string{FPT      = {Int'l Conf. on Field Programmable Technology (FPT)}}

% Other
@string{ISCAS    = {Int'l Symp. on Circuits and Systems (ISCAS)}}
@string{ASAP     = {Int'l Conf. on Application-Specific Systems, Architectures and Processors (ASAP)}}

@string{SASP     = {Symp. on Application Specific Processors (SASP)}}
@string{SOCC     = {IEEE Int'l SOC Conf. (SOCC)}}
@string{ISPADS   = {Int'l Conf. on Parallel and Distributed Systems (ICPADS)}}

@article{lee2013security,
  title="{Security Basics for Computer Architects}",
  author={Lee, Ruby B},
  journal={Synthesis Lectures on Computer Architecture},
  volume={8},
  number={4},
  pages={1--111},
  year={2013},
  publisher={Morgan \& Claypool Publishers}
}

@article{wang2006covert,
  title="{Covert and Side Channels due to Processor Architecture}",
  author={Wang, Zhenghong and Lee, Ruby B},
  journal={Computer Security Applications Conference, (ACSAC)},
  pages={473--482},
  year={2006},
  organization={IEEE}
}

@article{lampson1973note,
  title="{A Note on the Confinement Problem}",
  author={Lampson, Butler W},
  journal={Communications of the ACM},
  volume={16},
  number={10},
  pages={613--615},
  year={1973},
  publisher={ACM}
}

@article{kocher1999differential,
  title="{Differential Power Analysis}",
  author={Kocher, Paul and Jaffe, Joshua and Jun, Benjamin},
  journal={Advances in Cryptology (CRYPTO)},
  pages={388--397},
  year={1999},
  organization={Springer}
}

@article{coron2000boolean,
  title="{On Boolean and Arithmetic Masking against Differential Power Analysis}",
  author={Coron, Jean-S{\'e}bastien and Goubin, Louis},
  journal={Cryptographic Hardware and Embedded Systems (CHES)},
  pages={231--237},
  year={2000},
  organization={Springer}
}

@article{kocher1996timing,
  title="{Timing Attacks on Implementations of Diffie-Hellman, RSA, DSS, and Other Systems}",
  author={Kocher, Paul C},
  journal={Advances in Cryptology (CRYPTO)},
  pages={104--113},
  year={1996},
  organization={Springer}
}

@article{dhem2000practical,
  title="{A Practical Implementation of the Timing Attack}",
  author={Dhem, Jean-Francois and Koeune, Francois and Leroux, Philippe-Alexandre and Mestr{\'e}, Patrick and Quisquater, Jean-Jacques and Willems, Jean-Louis},
  journal={Smart Card Research and Applications},
  pages={167--182},
  year={2000},
  organization={Springer}
}

@article{wang2008novel,
  title="{A Novel Cache Architecture with Enhanced Performance and Security}",
  author={Wang, Zhenghong and Lee, Ruby B},
  journal=MICRO,
  pages={83--93},
  year={2008},
  organization={IEEE}
}

@article{page2005partitioned,
  title="{Partitioned Cache Architecture as a Side-Channel Defence Mechanism}",
  author={Page, Dan},
  journal={IACR Cryptology ePrint Archive},
  volume={2005},
  pages={280},
  year={2005}
}

@article{wang2012efficient,
  title="{Efficient Timing Channel Protection for On-Chip Networks}",
  author={Wang, Yao and Suh, G Edward},
  journal={Int'l Symp. on Networks on Chip (NoCS)},
  pages={142--151},
  year={2012},
  organization={IEEE}
}

@article{wassel2013surfnoc,
  title="{SurfNoC: A Low Latency and Provably Non-Interfering Approach to Secure Networks-on-Chip}",
  author={Wassel, Hassan MG and Gao, Ying and Oberg, Jason K and Huffmire, Ted and Kastner, Ryan and Chong, Frederic T and Sherwood, Timothy},
  journal=ISCA,
  pages={583--594},
  year={2013},
  organization={ACM}
}

@article{wang2014timing,
  title="{Timing Channel Protection for a Shared Memory Controller}",
  author={Wang, Yao and Ferraiuolo, Andrew and Suh, G. Edward},
  journal={Int'l Symp. on High Performance Computer Architecture (HPCA)},
  pages={225--236},
  year={2014},
  organization={IEEE}
}

@article{saltaformaggio2013busmonitor,
  title="{Busmonitor: A Hypervisor-Based Solution for Memory Bus Covert Channels}",
  author={Saltaformaggio, Brendan and Xu, Dongyan and Zhang, Xiangyu},
  journal={European Workshop on System Security (EuroSec)},
  year={2013}
}

@article{rajendran2013high,
  title="{High-Level Synthesis for Security and Trust}",
  author={Rajendran, Jeyavijayan and Zhang, Huan and Sinanoglu, Ozgur and Karri, Ramesh},
  journal={Int'l On-Line Testing Symposium (IOLTS)},
  pages={232--233},
  year={2013}
}

@article{cui2014high,
  title="{High-Level Synthesis for Run-Time Hardware Trojan Detection and Recovery}",
  author={Cui, Xiaotong and Ma, Kun and Shi, Liang and Wu, Kaijie},
  journal=DAC,
  pages={1--6},
  year={2014}
}

@article{mason2007fpga,
  title="{FPGA HPC - The Road beyond Processors}",
  author={Mason, Jeff},
  journal={Reconfigurable Systems Summer Institute},
  year={2007}
}

@article{putnam2014reconfigurable,
  title="{A Reconfigurable Fabric for Accelerating Large-Scale Datacenter Services}",
  author={Putnam, Andrew and Caulfield, Adrian M and Chung, Eric S and Chiou, Derek and Constantinides, Kypros and Demme, John and Esmaeilzadeh, Hadi and Fowers, Jeremy and Gopal, Gopi Prashanth and Gray, Jan and others},
  journal=ISCA,
  pages={13--24},
  year={2014},
}

@book{peterson1972error,
  title="{Error-Correcting Codes}",
  author={Peterson, William Wesley and Weldon, Edward J},
  year={1972},
  publisher={MIT press}
}

@article{duece,
  title="{DEUCE: Write-Efficient Encryption for Non-Volatile Memories}",
  author={Young, Vinson and Nair, J. Prashant and Qureshi, K. Moinuddin},
  journal=ASPLOS,
  year={2015}
}

@article{avalance,
  title="{On the design of s-boxes}",
  author={Webster, A. and Tavares S.},
  journal={Advances in Cyptology CRYPTO},
  year={1986}
}

@article{dcr,
  title="{A durable and energy efficient main memory using phase change memory technology}",
  author={Zhou, P. and Zhao, B. and Yang, J. and Zhang, Y.},
  journal=ISCA,
  year={2009}
}

@article{fnw,
  title="{Filp-n-write: A simple deterministic technique to improve pram write performance, energy and endurance}",
  author={Cho, S. and Lee, H.},
  journal=MICRO,
  year={2009}
}

@article{suh-memIntEnc,
  title="{Efficient Memory Integrity Verification and Encryption for Secure Processors}",
  author={Suh, Edward G. and Clarke, Dwaine and Gassend, Blaise and Dijk, van Marten and Devadas, Srinivas},
  journal=MICRO,
  year={2003}
}

@article{nistGCM,
  title="{Recommendation for Block Cipher Modes of Operation: Galois/Counter Mode (GCM) and GMAC}",
  author={Dworkin, Morris},
  journal={NIST Special Publication},
  year={2007}
}

@article{merkle,
  title="{Secrecy, authentication and public key systems}",
  author={Merkle, R.},
  journal={PhD thesis, Department of Electrical Engineering Stanford},
  year={1979}
}

@article{gcmMem,
  title="{Improving Cost, Performance, and Security of Memory Encryption and Authentication}",
  author={Yan, Chenyu and Rogers, Brian and Englender, Daniel and Solihin, Yan and Prvulovic, Milos},
  journal=ISCA,
  year={2006}
}

@article{aegis,
  title="{AEGIS: A single-chip secure processor}",
  author={Suh, G. Edward and O'Donnell, W. Charles and Devadas, Srinivas},
  journal={Information Security Technical Report},
  year={2005}
}

@article{multicoreEnc,
  title="{Architectural Support for High Speed Protection of Memory Integrity and Confidentiality in Multiprocessor Systems}",
  author={Shi, Weidong and Lee, S. Hsien-Hsin and Ghosh, Mrinmoy and Lu, Chenghuai},
  journal=PACT,
  year={2004}
}

@article{surveyInt,
  title="{Hardware Mechanisms for Memory Authentication: A Survey of Existing Techniques and Engines}",
  author={ Elbaz, Reouven and Champagne, David and Gebotys, Chatherine and Lee, B. Ruby and Potlapally, Nachieth and Torres, Lionel},
  journal={Transactions on Computational Science IV, Lecture Notes in Computer Science (LNCS)},
  year={2009}
}

@article{patTree,
  title="{Parallelizable Authentication Tree}",
  author={ Hall, Eric W. and Jutla, S. Charanjit},
  journal={Springer-Verlag Berlin Heidelberg},
  year={2006}
}

@article{hollis,
  title="{Data Bus Inversion in High-Speed Memory Applications}",
  author={Timothy M. Hollis},
  journal={IEEE Transactions on Circuits and Systems},
  year={2009}
}

@InProceedings{ddr-design,
  author = {Burnett, Jon},
  title = "{DDR3 Design Considerations for PCB Applications}",
  month = JUL,
  year = {2009},
}
